%% BibTex file is saved with string encoding Unicode (UTF-8) 
%% An easier way of finding  bibtex are searching in google scholar, ACM or IEEEExplore
@misc{OSI,
   author = {{ISO/IEC JTC 1}},
  title = {Information technology — Open Systems Interconnection — Basic Reference Model: The Basic Model},
  howpublished = {\url{https://www.iso.org/standard/20269.html}}
}

@misc{data-link-layer,
  title = {X.225 : Information technology – Open Systems Interconnection – Connection-oriented Session protocol: Protocol specification},
  howpublished = {\url{https://www.itu.int/rec/T-REC-X.225-199511-I/en}}
}

@misc{pic-datasheet,
   author = {{Microchip Technology}},
  title = {PIC32MZ Graphics (DAK/DAL/DAR/DAS) Family Data Sheet },
  howpublished = {\url{https://ww1.microchip.com/downloads/aemDocuments/documents/MCU32/ProductDocuments/DataSheets/PIC32MZ-Graphics-\%28DAK-DAL-DAR-DAS\%29-Family-Datasheet-DS60001565D.pdf}}
}

@misc{ipv6-arch,
   author = {{Network Working Group}},
  title = {RFC 4291: IP Version 6 Addressing Architecture},
  howpublished = {\url{https://datatracker.ietf.org/doc/html/rfc4291}}
}

@book{book-computer-networks,
  title={Computer Networks: A Systems Approach (5th ed.)},
  author={Peterson, Larry L.; Davie, Bruce S.},
  year={2011},
  publisher={Elsevier}
}

@misc{w5500,
   author = {{WIZnet co.}},
  title = {W5500 Datasheet: Version 1.1.0},
  howpublished = {\url{https://docs.wiznet.io/Product/iEthernet/W5500/datasheet}}
}

@misc{cc1312,
   author = {{Texas Instruments}},
  title = {CC1312R SimpleLink™ High-Performance Sub-1 GHz Wireless MCU datasheet (Rev. H)},
  howpublished = {\url{https://www.ti.com/product/CC1312R}}
}
	



@INPROCEEDINGS{7890229, 
author={D. Pishva}, 
booktitle={2017 19th International Conference on Advanced Communication Technology (ICACT)}, 
title={Internet of Things: Security and privacy issues and possible solution}, 
year={2017}, 
pages={797-808},  
doi={10.23919/ICACT.2017.7890229}, 
month={Feb},
}

@INPROCEEDINGS{7844308, 
author={Wen-Tsai Sung and Jui-Ho Chen and Ming-Han Tsai}, 
booktitle={2016 IEEE International Conference on Systems, Man, and Cybernetics (SMC)}, 
title={Applications of wireless sensor network for monitoring system based on IOT}, 
year={2016}, 
pages={000613-000617}, 
doi={10.1109/SMC.2016.7844308}, 
month={Oct},
}

@ARTICLE{7887698, 
author={G. Mois and S. Folea and T. Sanislav}, 
journal={IEEE Transactions on Instrumentation and Measurement}, 
title={{Analysis of Three IoT-Based Wireless Sensors for Environmental Monitoring}}, 
year={2017}, 
volume={PP}, 
number={99}, 
pages={1-9},  
doi={10.1109/TIM.2017.2677619}, 
ISSN={0018-9456},
}

@inproceedings{swapnil2016,
 author = {S. Tale and A. Kakad and N. Bhawarkar and D. Patil and P. Nimat},
 title = {{Control System for Home Automation based on IoT}},
 booktitle = {Proceedings of the National Conference on Innovative Trends in Science and Engineering},
 series = {NC-ITSE'16},
 volume={4},
 number={7},
 year={2016},
 issn={2321-8169},
 pages={324--326}
}

@book{smith1988smart,
  title={Smart house: The coming revolution in housing},
  author={Smith, Ralph Lee},
  year={1988},
  publisher={Gp Courseware}
}

@book{harper2006inside,
  title={Inside the smart home},
  author={Harper, Richard},
  year={2006},
  publisher={Springer Science \& Business Media}
}

@article{zheng2013home,
  title={Home Automation: Smart home technology and template house design},
  author={Zheng, Zeya and others},
  year={2013},
  publisher={Savonia-ammattikorkeakoulu}
}

@article{Chauhan2016,
  title={Verbalised Home Automation},
  author={M. Chauhan and N. Gulati and A. Kaur},
  year={2016},
   journal={International Journal of Engineering Research and Management Technology},
 volume={3},
 number={2},
}

@misc{samsung-freeze,
   author = {{Phys.org}},
  title = {The latest at gadgets: Samsung fridge comes with screen (Update 10)},
  howpublished = {\url{https://phys.org/news/2016-01-latest-gadgets-armour-unveils.html}},
  note = {{A}ccessed on: 2017-01-01}
}

@misc{arduino-ide,
   author = {{Arduino}},
  title = {{Arduino IDE}},
  howpublished = {\url{[Online]. Available: https://www.arduino.cc}},
  note = {}
}

@misc{blynk,
   author = {{Pavel Baiborodin}},
  title = {{The most popular mobile app for the IOT}},
  howpublished = {\url{[Online]. Available: http://www.blynk.cc/}},
  note = {{A}ccessed on 2017-01-01}
}

@misc{Agarwal,
  author = {{Tarun Agarwal}},
  title = {{Android Based Home Automation Systems and Its Applications}},
  howpublished = {\url{[Online]. Available: https://www.elprocus.com/understanding-android-based-home-automation-systems/}},
  note = {{A}ccessed on 2017-01-01}
}

@misc{nodemcu2014,
  title={Nodemcu-an open-source firmware based on esp8266 wifi-soc},
  author={NodeMCU, Team},
  howpublished={[Online]. Available: http://nodemcu.com/indexen.html},
  note={{A}ccessed on 2017-01-01}
}
@article{elshafee2012design,
  title={Design and implementation of a WIFI based home automation system},
  author={ElShafee, Ahmed and Hamed, Karim Alaa},
  journal={World academy of science, engineering and technology},
  volume={68},
  pages={2177--2180},
  year={2012}
}

@article{palaniappan2015home,
  title={Home Automation Systems-A Study},
  author={Palaniappan, Satish and Hariharan, Naveen and Kesh, Naren T and Vidhyalakshimi, S and others},
  journal={International Journal of Computer Applications},
  volume={116},
  number={11},
  year={2015},
  publisher={Foundation of Computer Science}
}

@article{germisopen,
  title={An Open Home Automation System},
  author={Germis, Arnaud}
  journal={Analysis And Implementation of New Solutions for Home Port},
  year={2009-2010},
  publisher={Department of Computer Science Aalborg University}
}


@book{basar1995dynamic,
  title={Dynamic noncooperative game theory},
  author={Basar, Tamer and Olsder, Geert Jan and Clsder, GJ and Basar, T and Baser, T and Olsder, Geert Jan},
  volume={200},
  year={1995},
  publisher={SIAM}
} 



